@article{cummer2016controlling,
  title={Controlling sound with acoustic metamaterials},
  author={Cummer, Steven A and Christensen, Johan and Al{\`u}, Andrea},
  journal={Nature Reviews Materials},
  volume={1},
  number={3},
  pages={1--13},
  year={2016},
  publisher={Nature Publishing Group}
}

@article{zhang2016tunable,
  title={Tunable sound transmission at an impedance-mismatched fluidic interface assisted by a composite waveguide},
  author={Zhang, Hui and Wei, Zhi and Fan, Li and Qu, Jianmin and Zhang, Shu-yi},
  journal={Scientific Reports},
  volume={6},
  number={1},
  pages={1--9},
  year={2016},
  publisher={Springer}
}

@article{d2012broadband,
  title={Broadband metamaterial for nonresonant matching of acoustic waves},
  author={D’Aguanno, G and Le, KQ and Trimm, R and Al{\`u}, Andrea and Mattiucci, N and Mathias, AD and Ak{\"o}zbek, N and Bloemer, MJ},
  journal={Scientific reports},
  volume={2},
  number={1},
  pages={340},
  year={2012},
  publisher={Nature Publishing Group UK London}
}

@article{rathod2020review,
  title={A review of acoustic impedance matching techniques for piezoelectric sensors and transducers},
  author={Rathod, Vivek T},
  journal={Sensors},
  volume={20},
  number={14},
  pages={4051},
  year={2020},
  publisher={MDPI}
}

@article{zaremanesh2022multilayer,
  title={Multilayer acoustic invisibility cloak based on composite lattice},
  author={Zaremanesh, Mansour and Bahrami, Ali},
  journal={Scientific Reports},
  volume={12},
  number={1},
  pages={16096},
  year={2022},
  publisher={Nature Publishing Group UK London}
}

@article{assouar2018acoustic,
  title={Acoustic metasurfaces},
  author={Assouar, Badreddine and Liang, Bin and Wu, Ying and Li, Yong and Cheng, Jian-Chun and Jing, Yun},
  journal={Nature Reviews Materials},
  volume={3},
  number={12},
  pages={460--472},
  year={2018},
  publisher={Nature Publishing Group UK London}
}

@article{shen2014side,
  title={Side branch-based acoustic metamaterials with a broad-band negative bulk modulus},
  author={Shen, Chen and Jing, Yun},
  journal={Applied Physics A},
  volume={117},
  pages={1885--1891},
  year={2014},
  publisher={Springer}
}

@article{fleury2013extraordinary,
  title={Extraordinary sound transmission through density-near-zero ultranarrow channels},
  author={Fleury, Romain and Al{\`u}, Andrea},
  journal={Physical review letters},
  volume={111},
  number={5},
  pages={055501},
  year={2013},
  publisher={APS}
}

@article{park2013giant,
  title={Giant acoustic concentration by extraordinary transmission in zero-mass metamaterials},
  author={Park, Jong Jin and Lee, KJB and Wright, Oliver B and Jung, Myoung Ki and Lee, Sam H},
  journal={Physical review letters},
  volume={110},
  number={24},
  pages={244302},
  year={2013},
  publisher={APS}
}

@article{liang2012extreme,
  title={Extreme acoustic metamaterial by coiling up space},
  author={Liang, Zixian and Li, Jensen},
  journal={Physical review letters},
  volume={108},
  number={11},
  pages={114301},
  year={2012},
  publisher={APS}
}

@article{zhou2010acoustic,
  title={Acoustic surface evanescent wave and its dominant contribution to extraordinary acoustic transmission and collimation of sound},
  author={Zhou, Yu and Lu, Ming-Hui and Feng, Liang and Ni, Xu and Chen, Yan-Feng and Zhu, Yong-Yuan and Zhu, Shi-Ning and Ming, Nai-Ben},
  journal={Physical review letters},
  volume={104},
  number={16},
  pages={164301},
  year={2010},
  publisher={APS}
}

@article{estrada2008extraordinary,
  title={Extraordinary sound screening in perforated plates},
  author={Estrada, H{\'e}ctor and Candelas, Pilar and Uris, Antonio and Belmar, Francisco and De Abajo, FJ Garc{\'\i}a and Meseguer, Francisco},
  journal={Physical review letters},
  volume={101},
  number={8},
  pages={084302},
  year={2008},
  publisher={APS}
}

@article{christensen2008theory,
  title={Theory of resonant acoustic transmission through subwavelength apertures},
  author={Christensen, Johan and Martin-Moreno, Luis and Garcia-Vidal, Francisco Jose},
  journal={Physical review letters},
  volume={101},
  number={1},
  pages={014301},
  year={2008},
  publisher={APS}
}

@article{lu2007extraordinary,
  title={Extraordinary acoustic transmission through a 1D grating with very narrow apertures},
  author={Lu, Ming-Hui and Liu, Xiao-Kang and Feng, Liang and Li, Jian and Huang, Cheng-Ping and Chen, Yan-Feng and Zhu, Yong-Yuan and Zhu, Shi-Ning and Ming, Nai-Ben},
  journal={Physical review letters},
  volume={99},
  number={17},
  pages={174301},
  year={2007},
  publisher={APS}
}

@article{wang2021design,
  title={Design and fabrication of negative-refractive-index metamaterial unit cells for near-megahertz enhanced acoustic transmission in biomedical ultrasound applications},
  author={Wang, Jiaying and Allein, Florian and Boechler, Nicholas and Friend, James and Vazquez-Mena, Oscar},
  journal={Physical Review Applied},
  volume={15},
  number={2},
  pages={024025},
  year={2021},
  publisher={APS}
}

@article{zhu2011holey,
  title={A holey-structured metamaterial for acoustic deep-subwavelength imaging},
  author={Zhu, Jie and Christensen, Johan and Jung, Jesper and Martin-Moreno, Luis and Yin, X and Fok, Lee and Zhang, Xiang and Garcia-Vidal, FJ},
  journal={Nature physics},
  volume={7},
  number={1},
  pages={52--55},
  year={2011},
  publisher={Nature Publishing Group UK London}
}

@article{shen2014anisotropic,
  title={Anisotropic complementary acoustic metamaterial for canceling out aberrating layers},
  author={Shen, Chen and Xu, Jun and Fang, Nicholas X and Jing, Yun},
  journal={Physical Review X},
  volume={4},
  number={4},
  pages={041033},
  year={2014},
  publisher={APS}
}

@article{li2022complementary,
  title={Complementary Acoustic Metamaterial for Penetrating Aberration Layers},
  author={Li, Lianchun and Diao, Yifan and Wu, Haijun and Jiang, Weikang},
  journal={ACS Applied Materials \& Interfaces},
  volume={14},
  number={25},
  pages={28604--28614},
  year={2022},
  publisher={ACS Publications}
}


@article{liu2018acoustic,
  title={Acoustic metamaterials with broadband and wide-angle impedance matching},
  author={Liu, Chenkai and Luo, Jie and Lai, Yun},
  journal={Physical Review Materials},
  volume={2},
  number={4},
  pages={045201},
  year={2018},
  publisher={APS}
}

@article{bok2018metasurface,
  title={Metasurface for water-to-air sound transmission},
  author={Bok, Eun and Park, Jong Jin and Choi, Haejin and Han, Chung Kyu and Wright, Oliver B and Lee, Sam H},
  journal={Physical review letters},
  volume={120},
  number={4},
  pages={044302},
  year={2018},
  publisher={APS}
}

@article{assouar2016acoustic,
  title={Acoustic metamaterials for sound mitigation},
  author={Assouar, Badreddine and Oudich, Mourad and Zhou, Xiaoming},
  journal={Comptes Rendus Physique},
  volume={17},
  number={5},
  pages={524--532},
  year={2016},
  publisher={Elsevier}
}

@article{gao2022enhancing,
  title={Enhancing ultrasound transmission and focusing through a stiff plate with inversely optimized auxiliary meta-lens},
  author={Gao, He and Gu, Zhongming and Liang, Shanjun and Liu, Tuo and Zhu, Jie and Su, Zhongqing},
  journal={Applied Physics Letters},
  volume={120},
  number={11},
  pages={111701},
  year={2022},
  publisher={AIP Publishing LLC}
}

@article{park2021elastic,
  title={Elastic complementary meta-layer for ultrasound penetration through solid/liquid/gas barriers},
  author={Park, Chung Il and Piao, Chunguang and Lee, Hyuk and Kim, Yoon Young},
  journal={International Journal of Mechanical Sciences},
  volume={206},
  pages={106619},
  year={2021},
  publisher={Elsevier}
}

@article{craig2019non,
  title={Non-Hermitian complementary acoustic metamaterials for lossy barriers},
  author={Craig, Steven R and Welch, Phoebe J and Shi, Chengzhi},
  journal={Applied Physics Letters},
  volume={115},
  number={5},
  pages={051903},
  year={2019},
  publisher={AIP Publishing LLC}
}

@article{huang2016evaluation,
  title={On the evaluation of effective density for plate-and membrane-type acoustic metamaterials without mass attached},
  author={Huang, Tai-Yun and Shen, Chen and Jing, Yun},
  journal={The Journal of the Acoustical Society of America},
  volume={140},
  number={2},
  pages={908--916},
  year={2016},
  publisher={Acoustical Society of America}
}

@article{moleron2014acoustic,
  title={Acoustic Fresnel lenses with extraordinary transmission},
  author={Moler{\'o}n, Miguel and Serra-Garcia, Marc and Daraio, Chiara},
  journal={Applied Physics Letters},
  volume={105},
  number={11},
  pages={114109},
  year={2014},
  publisher={AIP Publishing LLC}
}

@article{mei2008acoustic,
  title={Acoustic wave transmission through a bull’s eye structure},
  author={Mei, Jun and Hou, Bo and Ke, Manzhu and Peng, Shasha and Jia, Han and Liu, Zhengyou and Shi, Jing and Wen, Weijia and Sheng, Ping},
  journal={Applied physics letters},
  volume={92},
  number={12},
  pages={124106},
  year={2008},
  publisher={American Institute of Physics}
}

@article{kar2020performance,
  title={Performance enhancement of an ultrasonic power transfer system through a tightly coupled solid media using a KLM model},
  author={Kar, Bibhu and Wallrabe, Ulrike},
  journal={Micromachines},
  volume={11},
  number={4},
  pages={355},
  year={2020},
  publisher={MDPI}
}

@article{fu2021ultrasonic,
  title={Ultrasonic wireless power links for battery-free condition monitoring in metallic enclosures},
  author={Fu, Hailing and Rao, Jing and Harb, Mohammad S and Theodossiades, Stephanos},
  journal={Ultrasonics},
  volume={114},
  pages={106395},
  year={2021},
  publisher={Elsevier}
}

@article{yang2015through,
  title={Through-metal-wall power delivery and data transmission for enclosed sensors: A review},
  author={Yang, Ding-Xin and Hu, Zheng and Zhao, Hong and Hu, Hai-Feng and Sun, Yun-Zhe and Hou, Bao-Jian},
  journal={Sensors},
  volume={15},
  number={12},
  pages={31581--31605},
  year={2015},
  publisher={MDPI}
}